@STRING{kdd = {Proc. SIGKDD}}
@STRING{wsdm = {Proc. WSDM}}
@STRING{chi = {Proc. SIGCHI}}
@STRING{sigir = {Proc. SIGIR}}
@STRING{aaai = {Proc. AAAI}}
@STRING{ecir = {Proc. ECIR}}
@STRING{www = {Proc. WWW}}
@STRING{soc = {Proc. SOC}}
@STRING{um = {Proc. UM}}
@STRING{cikm = {Proc. CIKM}}
@STRING{ecir = {Proc. ECIR}}
@STRING{nips = {Proc. NIPS}}
@STRING{sigmod = {Proc. SIGMOD}}
@STRING{mobilehci = {Proc. MobileHCI}}
@STRING{iui = {Proc. IUI}}




@inproceedings{Jarvelin2000NDCG,
 author = {J\"{a}rvelin, Kalervo and Kek\"{a}l\"{a}inen, Jaana},
 title = {IR Evaluation Methods for Retrieving Highly Relevant Documents},
 series = {SIGIR '00},
 year = {2000},
 isbn = {1-58113-226-3},
 numpages = {8},
 url = {http://doi.acm.org/10.1145/345508.345545},
 doi = {10.1145/345508.345545},
 acmid = {345545},
 publisher = {ACM},
} 

@techreport{collins2015trec,
  title={TREC 2014 web track overview},
  author={Collins-Thompson, Kevyn and Macdonald, Craig and Bennett, Paul and Diaz, Fernando and Voorhees, Ellen M},
  year={2015},
  institution={DTIC Document}
}

@inproceedings{mikolov2013distributed,
  title={Distributed representations of words and phrases and their compositionality},
  author={Mikolov, Tomas and Sutskever, Ilya and Chen, Kai and Corrado, Greg S and Dean, Jeff},
  booktitle={NIPS 2013}
}

@inproceedings{zamani2016estimating,
  title={Estimating embedding vectors for queries},
  author={Zamani, Hamed and Croft, W Bruce},
  booktitle={ICTIR 2016}
}

@inproceedings{zheng2015learning,
  title={Learning to Reweight Terms with Distributed Representations},
  author={Zheng, Guoqing and Callan, Jamie},
  booktitle={SIGIR 2015}
}

@inproceedings{vulic2015monolingual,
  title={Monolingual and cross-lingual information retrieval models based on (bilingual) word embeddings},
  author={Vuli{\'c}, Ivan and Moens, Marie-Francine},
  booktitle={SIGIR 2015}
}

@inproceedings{kenter2015short,
  title={Short text similarity with word embeddings},
  author={Kenter and de Rijke},
  booktitle={CIKM 2015}
}

@inproceedings{shen2014learning,
  title={Learning semantic representations using convolutional neural networks for web search},
  author={Shen, Yelong and He, Xiaodong and Gao, Jianfeng},
  booktitle={WWW 2014}
}

@inproceedings{grbovic2015context,
  title={Context-and content-aware embeddings for query rewriting in sponsored search},
  author={Grbovic, Mihajlo and Djuric, Nemanja and Radosavljevic, Vladan and Silvestri, Fabrizio and Bhamidipati, Narayan},
  booktitle={SIGIR 2015}
}

@inproceedings{mitra2015query,
  title={Query auto-completion for rare prefixes},
  author={Mitra, Bhaskar and Craswell, Nick},
  booktitle={CIKM 2015}
}

@article{diaz2016query,
  title={Query expansion with locally-trained word embeddings},
  author={Diaz, Fernando and Mitra, Bhaskar and Craswell, Nick},
  booktitle={ACL 2016}
}

@incollection{jolliffe1986principal,
  title={Principal component analysis and factor analysis},
  author={Jolliffe, Ian T},
  booktitle={Principal component analysis},
  pages={115--128},
  year={1986},
  publisher={Springer}
}

@article{deerwester1990indexing,
  title={Indexing by latent semantic analysis},
  author={Deerwester, Scott and Dumais, Susan T and Furnas, George W and Landauer, Thomas K and Harshman, Richard},
  journal={Journal of the American society for information science},
  volume={41},
  number={6},
  pages={391},
  year={1990},
  publisher={American Documentation Institute}
}

@article{blei2003latent,
  title={Latent dirichlet allocation},
  author={Blei, David M and Ng, Andrew Y and Jordan, Michael I},
  journal={Journal of machine Learning research},
  volume={3},
  number={Jan},
  pages={993--1022},
  year={2003}
}


@inproceedings{gabrilovich2007computing,
  title={Computing semantic relatedness using wikipedia-based explicit semantic analysis.},
  author={Gabrilovich, Evgeniy and Markovitch, Shaul},
  booktitle={IJcAI},
  volume={7},
  pages={1606--1611},
  year={2007}
}

@inproceedings{shen2014learning,
  title={Learning semantic representations using convolutional neural networks for web search},
  author={Shen, Yelong and He, Xiaodong and Gao, Jianfeng and Deng, Li and Mesnil, Gr{\'e}goire},
  booktitle={Proceedings of the 23rd International Conference on World Wide Web},
  pages={373--374},
  year={2014},
  organization={ACM}
}

@inproceedings{liu2015representation,
  title={Representation Learning Using Multi-Task Deep Neural Networks for Semantic Classification and Information Retrieval.},
  author={Liu, Xiaodong and Gao, Jianfeng and He, Xiaodong and Deng, Li and Duh, Kevin and Wang, Ye-Yi},
  booktitle={HLT-NAACL},
  pages={912--921},
  year={2015}
}


@inproceedings{hui2017position,
  title={Position-Aware Representations for Relevance Matching in Neural Information Retrieval},
  author={Hui, Kai and Yates, Andrew and Berberich, Klaus and de Melo, Gerard},
  booktitle={Proceedings of the 26th International Conference on World Wide Web Companion},
  pages={799--800},
  year={2017},
  organization={International World Wide Web Conferences Steering Committee}
}


@article{tombros2005users,
  title={How users assess web pages for information seeking},
  author={Tombros, Anastasios and Ruthven, Ian and Jose, Joemon M},
  journal={Journal of the American society for Information Science and Technology},
  volume={56},
  number={4},
  pages={327--344},
  year={2005},
  publisher={Wiley Online Library}
}


@inproceedings{verma2016obtaining,
  title={On obtaining effort based judgements for information retrieval},
  author={Verma, Manisha and Yilmaz, Emine and Craswell, Nick},
  booktitle={Proceedings of the Ninth ACM International Conference on Web Search and Data Mining},
  pages={277--286},
  year={2016},
  organization={ACM}
}

@article{li2014semantic,
  title={Semantic matching in search},
  author={Li, Hang and Xu, Jun and others},
  journal={Foundations and Trends{\textregistered} in Information Retrieval},
  volume={7},
  number={5},
  pages={343--469},
  year={2014},
  publisher={Now Publishers, Inc.}
}

@techreport{Burges2010Report,
author = {Burges, Chris J.C.},
title = {From RankNet to LambdaRank to LambdaMART: An Overview},
booktitle = {},
year = {2010},
month = {June},
publisher = {},
url = {https://www.microsoft.com/en-us/research/publication/from-ranknet-to-lambdarank-to-lambdamart-an-overview/},
address = {},
pages = {},
journal = {},
volume = {},
chapter = {},
isbn = {},
}

@inproceedings{Cao2006Sigir,
 author = {Cao, Yunbo and Xu, Jun and Liu, Tie-Yan and Li, Hang and Huang, Yalou and Hon, Hsiao-Wuen},
 title = {Adapting Ranking SVM to Document Retrieval},
 series = {SIGIR '06},
 isbn = {1-59593-369-7},
 numpages = {8},
 url = {http://doi.acm.org/10.1145/1148170.1148205},
 doi = {10.1145/1148170.1148205},
 acmid = {1148205},
 publisher = {ACM},

 keywords = {information retrieval, loss function, ranking SVM},
}
@InProceedings{Chapelle2011Yahoo,
  title = 	 {Yahoo! Learning to Rank Challenge Overview},
  author = 	 {O. Chapelle and Y. Chang},
  booktitle = 	 {Proceedings of the Learning to Rank Challenge},
  pages = 	 {1--24},
  year = 	 {2011},
  editor = 	 {Olivier Chapelle and Yi Chang and Tie-Yan Liu},
  volume = 	 {14},
  series = 	 {Proceedings of Machine Learning Research},
  address = 	 {Haifa, Israel},
  month = 	 {25 Jun},
  publisher = 	 {PMLR},
  pdf = 	 {http://proceedings.mlr.press/v14/chapelle11a/chapelle11a.pdf},
  url = 	 {http://proceedings.mlr.press/v14/chapelle11a.html},
  abstract = 	 {Learning to rank for information retrieval has gained a lot of interest in the recent years but there is a lack for large real-world datasets to benchmark algorithms. That led us to publicly release two datasets used internally at Yahoo! for learning the web search ranking function. To promote these datasets and foster the development of state-of-the-art learning to rank algorithms, we organized the Yahoo! Learning to Rank Challenge in spring 2010. This paper provides an overview and an analysis of this challenge, along with a detailed description of the released datasets.}
}

@inproceedings{liu2007letor,
  added-at = {2007-10-17T14:24:18.000+0200},
  author = {Liu, Tie Y. and Xu, Jun and Qin, Tao and Xiong, Wenying and Li, Hang},
  biburl = {https://www.bibsonomy.org/bibtex/295b3216845395d5cdda310771c52bc38/beate},
  booktitle = {SIGIR '07: Proceedings of the Learning to Rank workshop in the 30th annual international ACM SIGIR conference on Research and development in information retrieval},
  citeulike-article-id = {1736791},
  interhash = {dea86aa8af349b7cef79bf315bc5a6b6},
  intrahash = {95b3216845395d5cdda310771c52bc38},
  keywords = {datasets ir letor},
  priority = {0},
  timestamp = {2008-12-09T16:32:51.000+0100},
  title = {LETOR: Benchmark Dataset for Research on Learning to Rank for Information Retrieval},
  url = {http://research.microsoft.com/~junxu/papers/SGIR2007-LR4IR%20workshop-LETOR.pdf},
  year = 2007
}

